@article{Rifkin2004,
 author = {Rifkin, Ryan and Klautau, Aldebaro},
 title = {In Defense of One-Vs-All Classification},
 journal = {J. Mach. Learn. Res.},
 issue_date = {12/1/2004},
 volume = {5},
 month = dec,
 year = {2004},
 issn = {1532-4435},
 pages = {101--141},
 numpages = {41},
 url = {http://dl.acm.org/citation.cfm?id=1005332.1005336},
 acmid = {1005336},
 publisher = {JMLR.org},
}
@article{bodis2004financial,
  title={Financial time series forecasting using artificial neural networks},
  author={Bodis, Lorant},
  journal={Mestrado--Babe{\c{s}}-Bolyai University},
  year={2004},
  publisher={Citeseer}
}
@phdthesis{bueno2000analise,
  title={An{\'a}lise emp{\'\i}rica do Dividend Yield das a{\c{c}}{\~o}es brasileiras.},
  author={Bueno, Artur Franco},
  year={2000},
  school={Universidade de S{\~a}o Paulo}
}
@article{cho2003comparison,
  title={A comparison of three different approaches to tourist arrival forecasting},
  author={Cho, Vincent},
  journal={Tourism Management},
  volume={24},
  number={3},
  pages={323--330},
  year={2003},
  publisher={Elsevier}
}
@book{haykin2009neural,
  title={Neural networks and learning machines},
  author={Haykin, Simon S and Haykin, Simon S and Haykin, Simon S and Haykin, Simon S},
  volume={3},
  year={2009},
  publisher={Pearson Education Upper Saddle River}
}
@article{leung2000forecasting,
  title={Forecasting stock indices: a comparison of classification and level estimation models},
  author={Leung, Mark T and Daouk, Hazem and Chen, An-Sing},
  journal={International Journal of Forecasting},
  volume={16},
  number={2},
  pages={173--190},
  year={2000},
  publisher={Elsevier}
}
@phdthesis{de2006uso,
  title={O Uso De Redes Neurais Artificiais Na Previs{\~a}o De Tend{\^e}ncias No Mercado De A{\c{C}}{\~o}es},
  author={Moura, Felippe Aquino},
  year={2006},
  school={Universidade Federal De Pernambuco}
}
@book{rocha2007esticar,
  title={Como esticar seu dinheiro: fundamentos de educa{\c{c}}{\~a}o financeira},
  author={Rocha, Ricardo Humberto and Vergili, Rodney},
  year={2007},
  publisher={Rio de Janeiro: Elsevier}
}
@phdthesis{sassi2006arquitetura,
  title={Uma arquitetura h{\'\i}brida para descoberta de conhecimento em bases de dados: teoria dos rough sets e redes neurais artificiais mapas auto-organiz{\'a}veis},
  author={Sassi, Renato Jos{\'e}},
  year={2006},
  school={Universidade de S{\~a}o Paulo}
}
@book{hair2007analise,
  title={An{\'a}lise multivariada de dados},
  author={Hair, Joseph F and Black, William C And Babin, Barry J and Anderson, Rolph E and Tatham, Ronald L},
  year={2007},
  publisher={Bookman}
}
@book{paula2004modelos,
  title={Modelos de Regress{\~a}o: com apoio computacional},
  author={Paula, Gilberto Alvarenga},
  year={2004},
  publisher={IME-USP S{\~a}o Paulo}
}
@phdthesis{gonccalves2005analise,
  title={An{\'a}lise de risco de cr{\'e}dito com o uso de modelos de regress{\~a}o log{\'\i}stica, redes neurais e algoritmos gen{\'e}ticos},
  author={Gon{\c{c}}alves, Eric Bacconi},
  year={2005},
  school={Universidade de S{\~a}o Paulo}
}
@book{dobson2001introduction,
  title={An introduction to generalized linear models},
  author={Dobson, Annette J},
  year={2001},
  publisher={CRC press}
}
@book{neter1996applied,
  title={Applied linear statistical models},
  author={Neter, John and Kutner, Michael H and Nachtsheim, Christopher J and Wasserman, William},
  volume={4},
  year={1996},
  publisher={Irwin Chicago}
}
@book{Murphy2012,
title = {Machine learning: a probabilistic perspective},
author  = {Kevin P Murphy},
year  = 2012,
address = {Cambridge, MA},
publisher = {MIT Press}
}
@misc{Caltech2012,
  Author = {Yaser Abu-Mostafa},
  Institution = {California Institute of Technology},
  Howpublished = {University Lecture},
  Year = {2012},
  Title = {Learning From Data}
}
@book{Bazaraa2006,
   title               = {Nonlinear Programming Theory and Algorithms},
   author          = {M.S. Bazaraa and  H.D. Sherali and  C.M. Shetty},
   year              = {2006},
publisher = {Wiley-Interscience},
address = {Hoboken, NJ},
edition = {3rd}
}
@phdthesis{pommeranzenbaum2014redes,
  title={Redes Neurais Artificiais na Predi {\c{c}} {\~a} o das Principais S{\'e}ries do {\'I}ndice Ibovespa e suas Aplica {\c{c}} {\~o} es em Sistemas Automatizados de Negocia {\c{c}} {\~a} o},
  author={Pommeranzenbaum, Igor Ramalho},
  year={2014},
  school={Universidade Federal do Rio de Janeiro}
}
@phdthesis{Santos2010,
  title={Proposi{\c{c}}{\~a}o de um modelo Preditivo do Ibovespa por meio da utiliza{\c{c}}{\~a}o de Redes Neurais Artificiais},
  author={Santos, Augusto Felippe Caramico dos},
  year={2010},
  school={Pontif{\'i}ca Universidade Cat{\'o}lica de S{\~a}o Paulo}
}
@article{Castro2005,
  title={Aplica{\c{c}}{\~a}o de um Modelo Ensemble de Redes Neurais Artificiais para Previs{\~a}o de S{\'e}ries Temporais n{\~a}o Estacion{\'a}rias},
  author={Castro, Cristiano Leite and P{\'a}dua Braga, Ant{\^o}nio and Andrade, Alessandro Vivas},
  journal={XXV Congresso da Sociedade Brasileira de Computa{\c{c}}{\~a}o},
  year={2005},
  volume={XXV},
  number={V},
  pages={722--731}
}
@article{Teixeira2012,
  title={Previs{\~a}o do {\'I}ndice da Bolsa de Valores do Estado de S{\~a}o Paulo utilizando Redes Neurais Artificiais},
  author={Teixeira, Jo{\~a}o Vitor Squillace and Soares Wilian},
  year={2012},
  school={Universidade Federal de Lavras}
}
@incollection{Hinton89,
  AUTHOR = {G. E. Hinton},
  TITLE = {Connectionist Learning Procedures},
  YEAR = 1989,
  BOOKTITLE = {Machine Learning: Paradigms and Methods},
  EDITOR = {J. Carbonell},
  PUBLISHER = {MIT Press},
  ADDRESS = {London},
  PAGES = {185-234},
  KEYWORDS = {}
}
@inproceedings{SutskeverMartensDahlHinton_icml2013,
    Publisher = {JMLR Workshop and Conference Proceedings},
    Author = {Ilya Sutskever and James Martens and George E. Dahl and Geoffrey E. Hinton},
    Url = {http://jmlr.org/proceedings/papers/v28/sutskever13.pdf},
    Booktitle = {Proceedings of the 30th International Conference on Machine Learning (ICML-13)},
    Title = {On the importance of initialization and momentum in deep learning},
    Number = {3},
    Month = may,
    Volume = {28},
    Editor = {Sanjoy Dasgupta and David Mcallester},
    Year = {2013},
    Pages = {1139-1147}
}
@incollection{lecun-efficient-backprop-1998,
  author = {LeCun, Yann and Bottou, Leon and Orr, Genevieve and M\"{u}ller, Klaus},
  biburl = {http://www.bibsonomy.org/bibtex/2ab16aabe493ac492cba022225c432bf2/mhwombat},
  booktitle = {Neural Networks: Tricks of the Trade },
  chapter = 2,
  citeulike-article-id = {6424181},
  citeulike-linkout-0 = {http://dx.doi.org/10.1007/3-540-49430-8\_2},
  citeulike-linkout-1 = {http://www.springerlink.com/content/4w0bab2v3qnqhwyr},
  doi = {10.1007/3-540-49430-8\_2},
  file = {:/wombat/taighde/docs/neural_nets/lecun-98b.pdf:PDF;:lecun-98b.pdf:PDF},
  groups = {public},
  interhash = {a6f15d33edec4a864b051e66b4871355},
  intrahash = {ab16aabe493ac492cba022225c432bf2},
  isbn = {978-3-540-65311-0},
  keywords = {back-propagation character_recognition mnist network neural},
  pages = 546,
  posted-at = {2009-12-22 16:27:30},
  priority = {2},
  publisher = {Springer Berlin / Heidelberg},
  series = {Lecture Notes in Computer Science},
  timestamp = {2010-06-28T21:15:44.000+0200},
  title = {Efficient BackProp},
  url = {http://dx.doi.org/10.1007/3-540-49430-8\_2},
  username = {mhwombat},
  year = 1998
}

@TECHREPORT{moreira-techrep,
  AUTHOR =        {M. Moreira and E. Fiesler},
  TITLE =         {Neural Networks with Adaptive Learning Rate and Momentum Terms},
  INSTITUTION =   {Institut Dalle Molle D'intelelligence Artificielle Perceptive},
  MONTH =         {October},
  YEAR  =         {1995},
}
@incollection{kaupa2012hybrid,
  title={Hybrid architecture to predict trends at stock exchange of s{\~a}o paulo: markowitz model and a multilayer perceptron},
  author={Kaupa, Paulo Henrique and Sassi, Renato Jos{\'e} and Ramalho, Edinalva Batista},
  booktitle={Intelligent Data Engineering and Automated Learning-IDEAL 2012},
  pages={352--359},
  year={2012},
  publisher={Springer}
}
@article{huang2006extreme,
  title={Extreme learning machine: theory and applications},
  author={Huang, Guang-Bin and Zhu, Qin-Yu and Siew, Chee-Kheong},
  journal={Neurocomputing},
  volume={70},
  number={1},
  pages={489--501},
  year={2006},
  publisher={Elsevier}
}
@article{vapnik1999overview,
  title={An overview of statistical learning theory},
  author={Vapnik, Vladimir N},
  journal={Neural Networks, IEEE Transactions on},
  volume={10},
  number={5},
  pages={988--999},
  year={1999},
  publisher={IEEE}
}
@ARTICLE{elmmulticlass2012, 
author={Guang-Bin Huang and Hongming Zhou and Xiaojian Ding and Rui Zhang}, 
journal={Systems, Man, and Cybernetics, Part B: Cybernetics, IEEE Transactions on}, 
title={Extreme Learning Machine for Regression and Multiclass Classification}, 
year={2012}, 
month={April}, 
volume={42}, 
number={2}, 
pages={513-529}, 
keywords={computational complexity;feedforward neural nets;learning (artificial intelligence);least squares approximations;optimisation;pattern classification;polynomials;regression analysis;support vector machines;ELM;LS-SVM;PSVM;binary classification applications;computational complexity;conventional feedforward neural networks;extreme learning machine;feature mapping;generalized single-hidden-layer feedforward networks;least square support vector machine;multiclass classification;optimization method;polynomial network;proximal support vector machine;regression;regularization algorithms;Approximation methods;Feedforward neural networks;Kernel;Machine learning;Optimization;Support vector machines;Training;Extreme learning machine (ELM);feature mapping;kernel;least square support vector machine (LS-SVM);proximal support vector machine (PSVM);regularization network}, 
doi={10.1109/TSMCB.2011.2168604}, 
ISSN={1083-4419},}
@article{Zhao201279,
title = "Online sequential extreme learning machine with forgetting mechanism ",
journal = "Neurocomputing ",
volume = "87",
number = "0",
pages = "79 - 89",
year = "2012",
note = "",
issn = "0925-2312",
doi = "http://dx.doi.org/10.1016/j.neucom.2012.02.003",
url = "http://www.sciencedirect.com/science/article/pii/S0925231212000690",
author = "Jianwei Zhao and Zhihui Wang and Dong Sun Park",
keywords = "Extreme learning machine",
keywords = "Online learning",
keywords = "Forgetting mechanism",
keywords = "Timeliness "
}
@article{Lee200910896,
title = "Using support vector machine with a hybrid feature selection method to the stock trend prediction ",
journal = "Expert Systems with Applications ",
volume = "36",
number = "8",
pages = "10896 - 10904",
year = "2009",
note = "",
issn = "0957-4174",
doi = "http://dx.doi.org/10.1016/j.eswa.2009.02.038",
url = "http://www.sciencedirect.com/science/article/pii/S0957417409001560",
author = "Ming-Chi Lee",
keywords = "Support vector machine",
keywords = "Feature selection",
keywords = "Stock index "
}



